<record><leader>00000cas a22000007a 4500</leader><controlfield tag="001">9563606</controlfield><controlfield tag="008">830601d18621899mauwr ne      0    0eng d</controlfield><datafield ind1=" " ind2=" " tag="010"><subfield code="a">sn 83020776 </subfield></datafield><datafield ind1=" " ind2=" " tag="040"><subfield code="a">NPX</subfield><subfield code="b">eng</subfield><subfield code="c">NPX</subfield><subfield code="d">NPU</subfield><subfield code="d">OCLCQ</subfield></datafield><datafield ind1=" " ind2=" " tag="042"><subfield code="a">msc</subfield></datafield><datafield ind1=" " ind2=" " tag="043"><subfield code="a">n-us-ma</subfield></datafield><datafield ind1="0" ind2="4" tag="245"><subfield code="a">The Wareham news.</subfield></datafield><datafield ind1=" " ind2=" " tag="260"><subfield code="a">Wareham, Mass. :</subfield><subfield code="b">[Pratt &amp; Co.]</subfield></datafield><datafield ind1=" " ind2=" " tag="300"><subfield code="a">v. ;</subfield><subfield code="c">66 cm.</subfield></datafield><datafield ind1=" " ind2=" " tag="310"><subfield code="a">Weekly</subfield></datafield><datafield ind1="1" ind2=" " tag="362"><subfield code="a">Began in 1862; ceased in 1899?</subfield><subfield code="z">Cf. Gregory, W. Amer. newspapers.</subfield></datafield><datafield ind1=" " ind2=" " tag="500"><subfield code="a">"Republican." Cf. Rowell, 1869-1875, 1877.</subfield></datafield><datafield ind1=" " ind2=" " tag="500"><subfield code="a">Publisher's name recorded in Rowell, 1869.</subfield></datafield><datafield ind1=" " ind2=" " tag="500"><subfield code="a">Publisher: James M. Coombs, &lt;1870-1876&gt;.</subfield></datafield><datafield ind1=" " ind2=" " tag="500"><subfield code="a">Proprietor: James M. Coombs, &lt;1871&gt;.</subfield></datafield><datafield ind1=" " ind2=" " tag="500"><subfield code="a">Editor: J.F. Murdock, &lt;1873-1876&gt;.</subfield></datafield><datafield ind1=" " ind2=" " tag="580"><subfield code="a">Published from the office of: Middleborough gazette. Cf. Rowell, 1869-1875, 1877.</subfield></datafield><datafield ind1=" " ind2=" " tag="588"><subfield code="a">Description based on: [vol.] 7, no. 21 (Aug. 19, 1871).</subfield></datafield><datafield ind1="1" ind2=" " tag="700"><subfield code="a">Murdock, J. F.</subfield></datafield><datafield ind1=" " ind2=" " tag="752"><subfield code="a">United States</subfield><subfield code="b">Massachusetts</subfield><subfield code="c">Plymouth</subfield><subfield code="d">Wareham.</subfield></datafield><datafield ind1="1" ind2=" " tag="787"><subfield code="t">Middleborough gazette</subfield></datafield><datafield ind1="1" ind2=" " tag="029"><subfield code="a">AU@</subfield><subfield code="b">000025796944</subfield></datafield></record>